
@article{ayers2011,
  author = "Phoebe Ayers and Reid Priedhorsky", 
  journal = "WikiSym", 
  title = "WikiLit: Collecting the Wiki and Wikipedia Literature", 
  url = "http://www.wikisym.org/wp-content/uploads/2011/09/p229-ayers.pdf", 
  year = "2011", 
}

@article{okoli2009,
  author = "Chitu Okoli", 
  doi = "10.1109/ICDS.2009.28", 
  journal = "Third International Conference on Digital Society", 
  title = "A Brief Review of Studies of Wikipedia in Peer-Reviewed Journals", 
  url = "http://chitu.okoli.org/images/stories/bios/pro/research/open/Okoli2009ICDS.pdf", 
  year = "2009", 
}

Aquí empleo la cita a artículo pero como es un eprint añado un par de campos.
A mí me gusta más el estilo con llaves.
El problema es que no hay título de revista...

@misc{martin2011,
  author = "Owen S. Martin", 
  title = "A Wikipedia Literature Review", 
  url = "http://arxiv.org/abs/1110.5863", 
  year = "2011", 
  eprinttype  = {arxiv},
  eprint      = {abs/1110.5863}
}

@article{voss2005,
  author = "Jakob Voss", 
  doi = "10760/6207", 
  journal = "International Conference of the International Society for Scientometrics and Informetrics", 
  title = "Measuring Wikipedia", 
  url = "http://eprints.rclis.org/bitstream/10760/6207/1/MeasuringWikipedia2005.pdf", 
  year = "2005", 
}

@article{okoli2009b,
  author = "Chitu Okoli and Kira Schabram", 
  doi = "10.1145/1643823.1643912", 
  journal = "International Conference on Management of Emergent Digital EcoSystems", 
  title = "Protocol for a systematic literature review of research on the Wikipedia", 
  url = "http://sprouts.aisnet.org/9-65", 
  year = "2009", 
}

@article{ayers2006,
  author = "Phoebe Ayers", 
  doi = "10.1002/meet.14504301252", 
  journal = "Proceedings of the American Society for Information Science and Technology", 
  title = "Researching Wikipedia -- Current approaches and new directions", 
  url = "http://cs.smith.edu/classwiki/images/0/0b/ResearchingWikiCurrentApproaches.pdf", 
  year = "2006", 
}

En este caso como no sé de qué va he optado por un misc, que es todo aquéllo
que no se sepa muy bien qué es (sin título de revista está complicado usar
el de article).

Por otro lado he sustituido comas por 'ands'

@misc{okoli2012,
  author = "Chitu Okoli and Mohamad Mehdi and Mostafa Mesgari and Finn Arup Nielsen and Arto Lanamaki", 
  title = "The people's encyclopedia under the gaze of the sages: a systematic review of scholarly research on Wikipedia", 
  url = "http://ssrn.com/abstract=2021326", 
  year = "2012", 
}

@article{jullien2012,
  author = "Nicolas Jullien", 
  journal = "Social Science Research Network", 
  title = "What We Know About Wikipedia: A Review of the Literature Analyzing the Project(s)", 
  url = "https://papers.ssrn.com/sol3/papers.cfm?abstract_id=2053597", 
  year = "2012", 
}

@misc{nielsen2011,
  author = "Finn Arup Nielsen", 
  title = "Wikipedia research and tools: Review and comments", 
  url = "http://www2.imm.dtu.dk/pubdb/views/edoc_download.php/6012/pdf/imm6012.pdf", 
  year = "2011", 
}
