
########################################################################
# 2012
########################################################################

﻿@article{aragon2012,
  author = "Pablo Aragón and Andreas Kaltenbrunner and David Laniado and Yana Volkovich", 
  journal = "WikiSym", 
  title = "Biographical Social Networks on Wikipedia: A cross-cultural study of links that made history", 
  url = "http://arxiv.org/pdf/1204.3799", 
  year = "2012", 
}

@article{chen2012,
  author = "Chih-Chun Chen and Camille Roth", 
  journal = "WikiSym", 
  title = "Citation needed: The dynamics of referencing in Wikipedia", 
  url = "http://www.wikisym.org/ws2012/bin/download/Main/Program/p19wikisym2012.pdf", 
  year = "2012", 
}

@article{consiglio2012,
  author = "Teresa Consiglio and Gerrit C. van der Veer", 
  journal = "WikiSym", 
  title = "Design for Free Learning - a Case Study on Supporting a Service Design Course", 
  url = "http://www.wikisym.org/ws2012/bin/download/Main/Program/p6wikisym2012.pdf", 
  year = "2012", 
}

@article{diaz2012,
  author = "Oscar Díaz and Cristóbal Arellano and Gorka Puente", 
  journal = "WikiSym", 
  title = "Wikipedia Customization through Web Augmentation Techniques", 
  url = "http://www.wikisym.org/ws2012/bin/download/Main/Program/p9wikisym2012.pdf", 
  year = "2012", 
}

﻿@article{elder2012,
  author = "Danielle Elder, R. Niccole Westbrook and Michele Reilly", 
  doi = "10.1080/19322909.2012.641808", 
  journal = "Journal of Web Librarianship", 
  number = "1", 
  pages = "32-44", 
  title = "Wikipedia Lover, Not a Hater: Harnessing Wikipedia to Increase the Discoverability of Library Resources", 
  volume = "6", 
  year = "2012", 
}

@article{faulkner2012,
  author = "Ryan Faulkner and Steven Walling and Maryana Pinchuk", 
  journal = "WikiSym", 
  title = "Etiquette in Wikipedia: Weening New Editors into Productive Ones", 
  url = "http://www.wikisym.org/ws2012/bin/download/Main/Program/p17wikisym2012.pdf", 
  year = "2012", 
}

@article{ferretti2012,
  author = "Edgardo Ferretti and Donato Hernández Fusilier and Rafael Guzmán Cabrera and Manuel Montes y Gómez and Marcelo Errecalde and Paolo Rosso", 
  journal = "PAN", 
  title = "On the Use of PU Learning for Quality Flaw Prediction in Wikipedia", 
  url = "http://www.uni-weimar.de/medien/webis/research/events/pan-12/pan12-papers-final/pan12-wikipedia-quality/ferretti12-notebook.pdf", 
  year = "2012", 
}

@article{ferron2012,
  author = "Michela Ferron and Paolo Massa", 
  journal = "WikiSym", 
  title = "Psychological processes underlying Wikipedia representations of natural and manmade disasters", 
  url = "http://www.wikisym.org/ws2012/bin/download/Main/Program/p14wikisym2012.pdf", 
  year = "2012", 
}

﻿@article{ferschke2012,
  author = "Oliver Ferschke and Iryna Gurevych and Marc Rittberger", 
  journal = "PAN", 
  title = "FlawFinder: A Modular System for Predicting Quality Flaws in Wikipedia", 
  url = "http://www.uni-weimar.de/medien/webis/research/events/pan-12/pan12-papers-final/pan12-wikipedia-quality/ferschke12-notebook.pdf", 
  year = "2012", 
}

@article{ford2012,
  author = "Heather Ford and R. Stuart Geiger", 
  journal = "WikiSym", 
  title = "Writing up rather than writing down: Becoming Wikipedia Literate", 
  url = "http://www.wikisym.org/ws2012/bin/download/Main/Program/p21wikisym2012.pdf", 
  year = "2012", 
}

@article{jullien2012,
  author = "Nicolas Jullien", 
  title = "What We Know About Wikipedia: A Review of the Literature Analyzing the Project(s)", 
  url = "https://papers.ssrn.com/sol3/papers.cfm?abstract_id=2053597", 
  year = "2012", 
}

@article{kaltenbrunner2012,
  author = "Andreas Kaltenbrunner and David Laniado", 
  journal = "WikiSym", 
  title = "There is No Deadline - Time Evolution of Wikipedia Discussions", 
  url = "http://arxiv.org/pdf/1204.3453v2", 
  year = "2012", 
}

@article{keegan2012,
  author = "Brian Keegan and Darren Gergle and Noshir Contractor", 
  journal = "WikiSym", 
  title = "Staying in the Loop: Structure and Dynamics of Wikipedia's Breaking News Collaborations", 
  url = "http://www.wikisym.org/ws2012/bin/download/Main/Program/p4wikisym2012.pdf", 
  year = "2012", 
}

@article{laniado2012,
  author = "David Laniado and Carlos Castillo and Andreas Kaltenbrunner and Mayo Fuster Morell", 
  journal = "WikiSym", 
  title = "Emotions and dialogue in a peer-production community: the case of Wikipedia", 
  url = "http://airwiki.ws.dei.polimi.it/images/b/b7/Emotions_and_dialogue_in_Wikipedia_2012.pdf", 
  year = "2012", 
}

@article{massa2012,
  author = "Paolo Massa and Federico Scrinzi", 
  journal = "WikiSym", 
  title = "Manypedia: Comparing Language Points of View of Wikipedia Communities", 
  url = "http://www.wikisym.org/ws2012/bin/download/Main/Program/p13wikisym2012.pdf", 
  year = "2012", 
}

@article{mashhadi2012,
  author = "Afra Mashhadi and Giovanni Quattrone and Licia Capra and Peter Mooney", 
  journal = "WikiSym", 
  title = "On the Accuracy of Urban Crowd-Sourcing for Maintaining Large-Scale Geospatial Databases", 
  year = "2012", 
}

﻿@article{mestyan2012,
  author = "Márton Mestyán, Taha Yasseri and János Kertész", 
  title = "Early Prediction of Movie Box Office Success based on Wikipedia Activity Big Data", 
  url = "http://arxiv.org/abs/1211.0970", 
  year = "2012", 
}

@article{okoli2012,
  author = "Chitu Okoli and Mohamad Mehdi and Mostafa Mesgari and Finn Arup Nielsen and Arto Lanamaki", 
  title = "The people's encyclopedia under the gaze of the sages: a systematic review of scholarly research on Wikipedia", 
  url = "http://ssrn.com/abstract=2021326", 
  year = "2012", 
}

@article{palomoile2012,
  author = "Manuel Palomo-Duarte and Juan Manuel Dodero-Beardo and Inmaculada Medina-Bulo and Emilio J. Rodríguez-Posada and Iván Ruiz-Rube", 
  doi = "10.1080/10494820.2012.680969", 
  journal = "Interactive Learning Environments", 
  title = "Assessment of collaborative learning experiences by graphical analysis of wiki contributions", 
  url = "http://www.mendeley.com/profiles/ivan-ruiz/", 
  year = "2012", 
}

@article{palomorevision2012,
  author = "Manuel Palomo-Duarte and Emilio J. Rodríguez-Posada and Inmaculada Medina-Bulo and Noelia Sales-Montes", 
  journal = "ReVisión", 
  number = "1", 
  title = "Tecnologías wiki en la docencia de Ingeniería Informática", 
  volume = "5", 
  year = "2012", 
}

@article{palomorusc2012,
  author = "Manuel Palomo-Duarte and Inmaculada Medina-Bulo and Emilio J. Rodríguez-Posada and Francisco Palomo-Lozano", 
  journal = "Revista de Universidad y Sociedad del Conocimiento", 
  number = "1", 
  title = "Wikis en docencia: una experiencia con WikiHaskell y StatMediaWiki", 
  url = "http://rusc.uoc.edu/ojs/index.php/rusc/article/view/v9n1-palomo-medina-rodriguez-palomo", 
  volume = "9", 
  year = "2012", 
}

﻿@article{osborne2012,
  author = "Miles Osborne and Saša Petrović and Richard McCreadie and Craig Macdonald and Iadh Ounis", 
  title = "Bieber no more: First Story Detection using Twitter and Wikipedia", 
  url = "http://redirect.subscribe.ru/_/-/www.dcs.gla.ac.uk/~craigm/publications/osborneTAIA2012.pdf", 
  year = "2012", 
}

﻿@article{rodriguez2012wlm,
  author = "Emilio J. Rodríguez-Posada and Ángel González Berdasco and Jorge A. Sierra Canduela and Santiago Navarro Sanz and Tomás Saorín-Pérez", 
  journal = "Digithum", 
  number = "14", 
  title = "Wiki Loves Monuments 2011: the experience in Spain and reflections regarding the diffusion of cultural heritage", 
  url = "http://digithum.uoc.edu/ojs/index.php/digithum/issue/view/n14", 
  year = "2012", 
}

@article{saorin2012,
  author = "Tomás Saorín-Pérez and Emilio J. Rodríguez-Posada", 
  journal = "BiD: textos universitaris de biblioteconomia i documentació", 
  number = "28", 
  title = "Análisis de enlaces hacia Bibliotecas y Archivos Digitales de Patrimonio Cultural desde Wikipedia en español y catalán", 
  url = "http://www.ub.edu/bid/28/saorin2.htm", 
  year = "July 2012", 
}

@article{sateli2012,
  author = "Bahar Sateli and René Witte", 
  journal = "WikiSym", 
  title = "Natural Language Processing for MediaWiki: The Semantic Assistants Approach", 
  url = "http://www.wikisym.org/ws2012/bin/download/Main/Program/p20wikisym2012.pdf", 
  year = "2012", 
}

@article{suzuki2012,
  author = "Yu Suzuki and Masatoshi Yoshikawa", 
  journal = "WikiSym", 
  title = "Mutual Evaluation of Editors and Texts for Assessing Quality of Wikipedia Articles", 
  url = "http://www.wikisym.org/ws2012/bin/download/Main/Program/p10wikisym2012.pdf", 
  year = "2012", 
}

@article{schneider2012,
  author = "Jodi Schneider and Alexander Passant and Stefan Decker", 
  journal = "WikiSym", 
  title = "Deletion Discussions in Wikipedia: Decision Factors and Outcomes", 
  url = "http://www.wikisym.org/ws2012/bin/download/Main/Program/p12wikisym2012.pdf", 
  year = "2012", 
}

@article{sepehrirad2012,
  author = "Hoda Sepehri Rad and Denilson Barbosa", 
  journal = "WikiSym", 
  title = "Identifying controversial articles in Wikipedia: A comparative study", 
  url = "http://www.wikisym.org/ws2012/bin/download/Main/Program/p18wikisym2012.pdf", 
  year = "2012", 
}

@article{warnckewang2012,
  author = "Morten Warncke-Wang and Anuradha Uduwage and Zhenhua Dong and John Riedl", 
  journal = "WikiSym", 
  title = "In Search of the Ur-Wikipedia: Universality, Similarity, and Translation in the Wikipedia Inter-Language Link Network", 
  url = "http://www.wikisym.org/ws2012/bin/download/Main/Program/p3wikisym2012.pdf", 
  year = "2012", 
}

@article{westlee2012,
  author = "Andrew G. West and Insup Lee", 
  journal = "WikiSym", 
  title = "Towards Content-driven Reputation for Collaborative Code Repositories", 
  year = "2012", 
}

@article{westweber2012,
  author = "Robert West and Ingmar Weber and Carlos Castillo", 
  journal = "WikiSym", 
  title = "Drawing a Data-Driven Portrait of Wikipedia Editors", 
  url = "http://www.wikisym.org/ws2012/bin/download/Main/Program/p1wikisym2012.pdf", 
  year = "2012", 
}

@article{wlm2012,
  author = "Emilio J. Rodríguez-Posada and Ángel González Berdasco and Jorge A. Sierra Canduela and Santiago Navarro Sanz and Tomás Saorín-Pérez", 
  journal = "Digithum", 
  number = "14", 
  title = "Wiki Loves Monuments 2011: the experience in Spain and reflections regarding the diffusion of cultural heritage", 
  url = "http://digithum.uoc.edu/ojs/index.php/digithum/issue/view/n14", 
  year = "2012", 
}

@article{wu2012,
  author = "Guangyu Wu and Martin Harrigan and Pádraig Cuningham", 
  journal = "WikiSym", 
  title = "Classifying Wikipedia Articles Using Network Motif Counts and Ratios", 
  url = "http://www.wikisym.org/ws2012/bin/download/Main/Program/p2awikisym2012.PDF", 
  year = "2012", 
}

@article{zhang2012,
  author = "Dell Zhang and Karl Prior and Mark Levene", 
  journal = "WikiSym", 
  title = "How Long Do Wikipedia Editors Keep Active?", 
  url = "http://www.wikisym.org/ws2012/bin/download/Main/Program/p15wikisym2012.pdf", 
  year = "2012", 
}

########################################################################
# 2011
########################################################################

@article{ayers2011,
  author = "Phoebe Ayers and Reid Priedhorsky", 
  journal = "WikiSym", 
  title = "WikiLit: Collecting the Wiki and Wikipedia Literature", 
  url = "http://www.wikisym.org/wp-content/uploads/2011/09/p229-ayers.pdf", 
  year = "2011", 
}

@article{martin2011,
  author = "Owen S. Martin", 
  title = "A Wikipedia Literature Review", 
  url = "http://arxiv.org/abs/1110.5863", 
  year = "2011", 
}

@article{nielsen2011,
  author = "Finn Arup Nielsen", 
  title = "Wikipedia research and tools: Review and comments", 
  url = "http://www2.imm.dtu.dk/pubdb/views/edoc_download.php/6012/pdf/imm6012.pdf", 
  year = "2011", 
}

@article{rodriguez2011,
  author = "Emilio J. Rodríguez-Posada and Juan Manuel Dodero-Beardo and Manuel Palomo-Duarte and Inmaculada Medina-Bulo", 
  journal = "International Conference on Computer Supported Education", 
  title = "Learning-Oriented Assessment of Wiki Contributions: How to Assess Wiki Contributions in a Higher Education Learning Setting", 
  url = "https://sites.google.com/site/emijrp02/csedu_scitepress_proceedings_33087.pdf", 
  year = "2011", 
}

########################################################################
# 2010
########################################################################

@article{avbot2010,
  author = "Emilio J. Rodríguez-Posada", 
  journal = "NovATIca", 
  number = "203", 
  pages = "51-53", 
  title = "AVBOT: detección y corrección de vandalismos en Wikipedia", 
  url = "http://sites.google.com/site/emijrp02/Rodriguez-nov203-vdef.pdf", 
  year = "2010", 
}

﻿@article{ciglan2010,
  author = "Marek Ciglan and Kjetil Nørvåg", 
  title = "WikiPop - Personalized Event Detection System Based on Wikipedia Page View Statistics", 
  url = "https://research.idi.ntnu.no/comidor/papers/CIKM2010demo.pdf", 
  year = "2010", 
}

@article{kittur2010,
  author = "Aniket Kittur and Robert E. Kraut", 
  doi = "10.1145/1718918.1718959", 
  journal = "Computer-Supported Cooperative Work", 
  title = "Beyond Wikipedia: Coordination and Conflict in Online Production Groups", 
  url = "http://research.microsoft.com/en-us/um/redmond/groups/connect/CSCW_10/docs/p215.pdf", 
  year = "2010", 
}

﻿@article{luyt2010,
  author = "Brendan Luyt and Daniel Tan", 
  doi = "10.1002/asi.v61:4", 
  journal = "J. Am. Soc. Inf. Sci. Technol.", 
  number = "4", 
  pages = "715-722", 
  title = "Improving Wikipedia's credibility: References and citations in a sample of history articles", 
  url = "http://onlinelibrary.wiley.com/doi/10.1002/asi.21304/pdf", 
  volume = "61", 
  year = "2010", 
}

@article{palomojenui2010,
  author = "Manuel Palomo-Duarte and Emilio J. Rodríguez-Posada and Inmaculada Medina-Bulo and Noelia Sales-Montes", 
  journal = "JENUI", 
  pages = "371-378", 
  title = "Tecnologías wiki en la docencia de Ingeniería Informática", 
  url = "http://statmediawiki.forja.rediris.es/papers/StatMediaWiki-JENUI2010.pdf", 
  year = "2010", 
}

@article{palomospdece2010,
  author = "Manuel Palomo-Duarte and Inmaculada Medina-Bulo and Emilio J. Rodríguez-Posada and Francisco Palomo-Lozano", 
  journal = "SPDECE", 
  pages = "127-134", 
  title = "Wikis en docencia: una experiencia con WikiHaskell y StatMediaWiki", 
  url = "http://ccita2010.uca.es/spdece/", 
  year = "2010", 
}

﻿@article{popitsch2010,
  author = "Niko Popitsch and Robert Mosser and Wolfgang Philipp", 
  journal = "7th International Conference on Preservation of Digital Objects", 
  title = "Urobe: a prototype for wiki preservation", 
  url = "http://www.ifs.tuwien.ac.at/dp/ipres2010/papers/popitsch-52.pdf", 
  year = "2010", 
}

﻿@article{west2010,
  author = "Andrew G. West and Sampath Kannan and Insup Lee", 
  doi = "10.1145/1752046.1752050", 
  journal = "EUROSEC", 
  pages = "22-28", 
  title = "Detecting Wikipedia Vandalism via Spatio-Temporal Analysis of Revision Metadata", 
  url = "http://repository.upenn.edu/cis_reports/917/", 
  year = "2010", 
}

########################################################################
# 2009
########################################################################

@article{avbot2009,
  author = "Emilio J. Rodríguez-Posada", 
  doi = "10498/8691", 
  title = "Detector y corrector automático de ediciones maliciosas en Wikipedia", 
  url = "http://rodin.uca.es:8081/xmlui/handle/10498/8691", 
  year = "2009", 
}

@article{okoli2009,
  author = "Chitu Okoli", 
  doi = "10.1109/ICDS.2009.28", 
  journal = "Third International Conference on Digital Society", 
  title = "A Brief Review of Studies of Wikipedia in Peer-Reviewed Journals", 
  url = "http://chitu.okoli.org/images/stories/bios/pro/research/open/Okoli2009ICDS.pdf", 
  year = "2009", 
}

@article{okoli2009b,
  author = "Chitu Okoli and Kira Schabram", 
  doi = "10.1145/1643823.1643912", 
  journal = "International Conference on Management of Emergent Digital EcoSystems", 
  title = "Protocol for a systematic literature review of research on the Wikipedia", 
  url = "http://sprouts.aisnet.org/9-65", 
  year = "2009", 
}

@article{palomo2009,
  author = "Manuel Palomo-Duarte and Inmaculada Medina-Bulo and Emilio J. Rodríguez-Posada and Noelia Sales-Montes", 
  journal = "Conferencia Internacional de Software Libre", 
  pages = "16-19", 
  title = "Tecnologías wiki y conocimiento abierto en la Universidad", 
  url = "http://sites.google.com/site/emijrp02/Tecnolog%C3%ADaswikiyconocimientoabiertoenlauniversidad.pdf", 
  year = "2009", 
}

########################################################################
# 2008
########################################################################

﻿@article{adler2008,
  author = "B. Thomas Adler and Krishnendu Chatterjee and Luca de Alfaro and Marco Faella and Ian Pye and Vishwanath Raman", 
  doi = "10.1145/1822258.1822293", 
  journal = "WikiSym", 
  title = "Assigning Trust to Wikipedia Content", 
  url = "http://citeseerx.ist.psu.edu/viewdoc/download?doi=10.1.1.141.2047&rep=rep1&type=pdf", 
  year = "2008", 
}

﻿@article{carter2008,
  author = "Jacobi Carter", 
  title = "ClueBot and Vandalism in Wikipedia", 
  url = "http://www.acm.uiuc.edu/~carter11/ClueBot.pdf", 
  year = "2008", 
}

﻿@article{holman2008,
  author = "Lucy Holman Rector", 
  doi = "10.1108/00907320810851998", 
  journal = "Reference Services Review", 
  number = "1", 
  pages = "7-22", 
  title = "Comparison of Wikipedia and other encyclopedias for accuracy, breadth, and depth in historical articles", 
  url = "http://www.emeraldinsight.com/journals.htm?articleid=1674221&show=abstract", 
  volume = "36", 
  year = "2008", 
}

########################################################################
# 2007
########################################################################

﻿@article{auer2007,
  author = "Sören Auer and Christian Bizer and Jens Lehmann and Georgi Kobilarov and Richard Cyganiak and Zachary Ives", 
  journal = "ISWC", 
  title = "DBpedia: A nucleus for a web of open data", 
  url = "http://iswc2007.semanticweb.org/papers/ISWC2007_IU_Auer.pdf", 
  year = "2007", 
}

﻿@article{lally2007,
  author = "Ann M. Lally and Carolyn E. Dunford", 
  journal = "D-Lib Magazine", 
  number = "5/6", 
  title = "Using Wikipedia to Extend Digital Collections", 
  url = "http://www.dlib.org/dlib/may07/lally/05lally.html", 
  volume = "13", 
  year = "2007", 
}

﻿@article{nielsen2007,
  author = "Finn Årup Nielsen", 
  journal = "First Monday", 
  number = "8", 
  title = "Scientific citations in Wikipedia", 
  url = "http://firstmonday.org/htbin/cgiwrap/bin/ojs/index.php/fm/article/view/1997/1872", 
  volume = "12", 
  year = "2007", 
}

########################################################################
# 2006
########################################################################

@article{ayers2006,
  author = "Phoebe Ayers", 
  doi = "10.1002/meet.14504301252", 
  journal = "Proceedings of the American Society for Information Science and Technology", 
  title = "Researching Wikipedia -- Current approaches and new directions", 
  url = "http://cs.smith.edu/classwiki/images/0/0b/ResearchingWikiCurrentApproaches.pdf", 
  year = "2006", 
}

@article{britannica2006,
  author = "Encyclopædia Britannica, Inc.",
  title = "Fatally Flawed: Refuting the recent study on encyclopedic accuracy by the journal Nature",
  url = "http://corporate.britannica.com/britannica_nature_response.pdf",
  year = "2006",
}

﻿@article{chesney2006,
  author = "Thomas Chesney", 
  journal = "First Monday", 
  number = "11", 
  title = "An empirical exploration of Wikipedia's credibility", 
  url = "http://firstmonday.org/htbin/cgiwrap/bin/ojs/index.php/fm/article/view/1413/1331", 
  volume = "11", 
  year = "2006", 
}

﻿@article{krotzsch2006,
  author = "Markus Krötzsch and Denny Vrandečić and Max Völkel", 
  journal = "ISWC", 
  pages = "935-942", 
  title = "Semantic MediaWiki", 
  volume = "4273", 
  year = "2006", 
}

@article{nature2006,
  author = "Nature",
  title = "Nature's responses to Encyclopaedia Britannica",
  url = "http://www.nature.com/nature/britannica/index.html",
  year = "2006",
}

########################################################################
# 2005
########################################################################

@article{giles2005,
  author = "Jim Giles", 
  doi = "10.1038/438900a", 
  journal = "Nature", 
  title = "Special Report Internet encyclopaedias go head to head", 
  url = "http://www.nature.com/nature/journal/v438/n7070/full/438900a.html", 
  year = "2005", 
}

@article{voss2005,
  author = "Jakob Voss", 
  doi = "10760/6207", 
  journal = "International Conference of the International Society for Scientometrics and Informetrics", 
  title = "Measuring Wikipedia", 
  url = "http://eprints.rclis.org/bitstream/10760/6207/1/MeasuringWikipedia2005.pdf", 
  year = "2005", 
}

########################################################################
# 2004
########################################################################

﻿@article{viegas2004,
  author = "Fernanda B. Viégas, Martin Wattenberg and Kushal Dave", 
  journal = "CHI", 
  title = "Studying cooperation and conflict between authors with history flow visualizations", 
  url = "http://alumni.media.mit.edu/~fviegas/papers/history_flow.pdf", 
  year = "2004", 
}

########################################################################
# 2003
########################################################################

########################################################################
# 2002
########################################################################

########################################################################
# 2001
########################################################################

@book{ward2001,
  author = "Bo Leuf and Ward Cunningham", 
  title = "The Wiki Way: Quick Collaboration on the Web", 
  year = "2001", 
}
