
@article{ayers2011,
  author = "Phoebe Ayers and Reid Priedhorsky", 
  journal = "WikiSym", 
  title = "WikiLit: Collecting the Wiki and Wikipedia Literature", 
  url = "http://www.wikisym.org/wp-content/uploads/2011/09/p229-ayers.pdf", 
  year = "2011", 
}
