@article{okoli2009,
  author = "Chitu Okoli", 
  doi = "10.1109/ICDS.2009.28", 
  journal = "Third International Conference on Digital Society", 
  title = "A Brief Review of Studies of Wikipedia in Peer-Reviewed Journals", 
  url = "http://chitu.okoli.org/images/stories/bios/pro/research/open/Okoli2009ICDS.pdf", 
  year = "2009", 
}
